3350 5084
459 581 523 645 a&
614 577 1270 663 LasAsruonourooer

330 786 333 793 ·
456 746 612 821 Traditur
633 750 669 817 ἃ
687 746 844 845 geminis.
867 745 979 819 Simili
999 770 1081 819 tuuc
1099 773 1218 827 cetera
1234 754 1335 827 lucro

450 892 666 979 Procedant,
682 919 848 969 numeros
867 894 1004 993 semper
1020 920 1127 970 tutata
1145 904 1302 996 priores;

446 1040 711 1139 Augebuntque
736 1066 832 1159 novo
854 1045 983 1119 vicinat
1005 1049 1340 1142 munetqsutnmas,

447 1188 579 1262 Donec
594 1192 796 1283 perveniant
817 1191 863 1260 ad
882 1192 978 1289 justae
996 1193 1105 1266 fidera
1124 1194 1233 1269 librae.

350 1354 424 1431 430
446 1334 500 1411 Ex
520 1334 577 1407 illa
599 1335 747 1408 totidem
774 1361 838 1432 per
858 1359 972 1431 partes
995 1338 1040 1411 fic
1061 1340 1283 1431 breviantur,
1375 1328 1379 1334 ¹

448 1486 606 1583 Lanigeri
625 1483 795 1558 adfines:
818 1485 1057 1585 conversique
1082 1491 1201 1563 omnia
1219 1489 1301 1593 lege

445 1635 637 1732 Accipiunt
658 1634 877 1731 perduratque
900 1662 1001 1733 pares
1023 1641 1186 1713 cedentia
1206 1639 1327 1713 sortes.

441 1786 534 1859 Haec
554 1786 609 1855 via
631 1782 831 1857 monstrabit
854 1786 1042 1860 stadiorum
1063 1814 1198 1887 ponere
1221 1762 1393 1875 summai,

445 1928 493 2002 Et
516 1952 694 2001 numerare
713 1926 791 1999 suos
815 1951 911 2003 ortus
930 1958 996 2033 per
1017 1934 1126 2006 fideta
1148 1936 1277 2008 euntia.

351 2084 424 2169 435
449 2080 558 2175 Quod
578 2082 670 2153 bene
692 2104 772 2152 curn
789 2082 939 2181 propriis
958 2082 1058 2154 fimul
1078 2082 1310 2183 acceptaveris
1325 2077 1443 2169 horis,

445 2225 487 2299 In
510 2226 603 2299 nulla
621 2224 717 2301 fallet
737 2230 883 2329 regione
902 2229 1123 2327 horoscopos
1144 2254 1332 2325 umquam:

445 2370 538 2445 Cium
562 2396 727 2473 poterunt
743 2378 846 2449 certis
870 2374 1040 2449 numerari
1059 2372 1184 2473 finguia
1198 2373 1290 2471 figna
1374 2461 1383 2486 s
1448 2437 1451 2443 ,

445 2519 706 2621 Temporibus,
726 2546 823 2623 parte
844 2550 888 2597 ex
906 2522 964 2597 itta
984 2546 1089 2619 quam
1113 2518 1260 2601 Phoebus
1276 2514 1441 2593 habebit.

497 2673 603 2746 Nunc
626 2673 750 2773 quibus
768 2672 903 2746 hiberni
919 2671 1103 2743 momentis
1124 2666 1256 2764 surgere
1270 2662 1410 2731 menses

336 2824 428 2907 «440
450 2822 620 2921 Incipiant
645 2835 789 2921 (neque
811 2824 898 2895 enim
918 2817 1055 2915 paribus
1077 2840 1139 2912 per
1157 2812 1268 2884 sidera
1282 2809 1406 2882 cuneta

449 2972 647 3044 Procet'iunt
666 2973 849 3073 gradibus,
869 2966 963 3043 nivei
981 2966 1067 3037 dum
1083 2960 1212 3036 vellera
1235 2958 1319 3057 signi
1450 3062 1452 3071 Ι

451 3116 685 3221 Contingunt,
704 3146 844 3219 aequum
865 3117 964 3189 luces
979 3112 1142 3213 cogentia
1161 3109 1195 3179 8r
1214 3091 1357 3179 umbras

451 3264 707 3371 Ferrejugutn)
721 3291 841 3370 magna
852 3265 901 3337 est
913 3265 1020 3350 ratio,
1035 3254 1255 3351 breviterque
1271 3250 1449 3329 docenda.

449 3412 622 3509 Principio
641 3419 811 3511 capienda
833 3418 897 3490 tibi
923 3414 970 3486 est
990 3407 1146 3482 mensura
1166 3406 1262 3490 diei,

354 3580 427 3655 145
453 3556 567 3649 Quam
584 3560 759 3631 minimam
771 3565 992 3658 capricornus
1005 3548 1451 3657 agit;nofflsqtteperhoras
1500 3568 1505 3581 ·

443 3866 445 3875 .
487 3806 527 3867 V·
544 3804 613 3883 ¹432·
635 3806 667 3871 Β.
685 3830 735 3889 pro
744 3812 931 3893 perdantque
947 3804 1055 3887 reponit
1068 3804 1270 3881 redduntque:
1287 3813 1379 3874 neque
1392 3792 1450 3852 hoc

447 3917 508 3982 i'atit
528 3922 614 3989 rebe.
1394 3922 1397 3928 ’
