3350 5084
330 631 338 649 ⁸
430 655 493 706 ιιι
625 623 1232 721 ἱιιᾼιτιοιιοιιιαυιι
1346 719 1350 728 ἱ

421 771 599 876 iruervalla
617 800 721 872 etiam
741 801 891 873 memori
910 798 985 871 sunt
1003 819 1119 872 mente
1138 802 1292 876 notanda
1302 827 1317 896 1

418 947 482 1020 Per
496 951 605 1046 majus
622 944 799 1036 dimensa,
818 943 893 1017 luas
913 945 1091 1020 reddentia
1109 948 1210 1022 vires.

416 1093 594 1190 Quicquid
612 1093 657 1167 ab
678 1113 802 1165 exortu
818 1090 990 1164 summum
1010 1115 1167 1168 curvatur
1184 1094 1360 1169 inorbem

322 1241 396 1336 830
419 1241 546 1315 AEtaris
567 1241 691 1340 primae
712 1237 946 1338 nascentisque
967 1237 1078 1314 afferit
1100 1265 1216 1314 annos.

417 1390 528 1486 Quod
550 1386 687 1463 summo
710 1375 877 1488 prenritur
898 1389 1072 1466 devexum
1094 1387 1243 1462 culmine
1269 1389 1419 1480 mundi,

416 1536 547 1612 Donec
562 1536 607 1608 ad
632 1534 773 1608 occasus
800 1535 936 1626 veniat,
958 1535 1150 1637 puerilibus
1172 1539 1267 1610 annis

415 1685 602 1772 Succedit,
619 1704 846 1782 teneramque
861 1685 948 1786 regit
968 1684 1032 1760 sub
1045 1683 1129 1760 sede
1144 1691 1334 1787 juventam.

339 1814 346 1826 ’
417 1836 508 1929 Quae
530 1858 607 1931 pars
629 1831 771 1906 occasus
796 1832 883 1912 infra
903 1833 975 1923 ell,
998 1836 1180 1934 imumque
1202 1835 1265 1910 sub
1290 1833 1420 1910 orbem
1475 1793 1477 1800 Ι

320 1977 343 2050 8
345 1998 366 2073 3
367 1991 393 2072 5
415 1981 627 2072 Descendit·,
642 1980 730 2081 regit
748 1981 827 2054 haec
848 2001 991 2056 maturae
1008 1955 1172 2082 tempora
1192 1983 1290 2074 vitae,

417 2132 465 2206 Et
484 2130 626 2229 proprii
647 2111 734 2201 lerie
757 2128 925 2226 varioque
947 2132 1099 2204 exercita
1125 2127 1237 2206 cursu.

417 2279 471 2356 At
489 2278 558 2375 qua
576 2274 750 2376 perficitur
769 2276 884 2350 curlus
906 2277 1098 2374 quadrante
1119 2275 1180 2352 sub
1200 2263 1298 2368 ime,

418 2425 537 2500 Tarda
559 2423 754 2525 supinatum
774 2422 896 2498 laisaris
916 2427 1045 2503 viribus
1063 2449 1178 2500 arcum

418 2575 642 2664 Ascenden's,
660 2576 756 2650 seros
776 2576 922 2652 demum
942 2574 1179 2674 compleffltur
1199 2583 1328 2654 annos,
1361 2652 1363 2657 ‚

322 2727 398 2830 ⁸40
419 2723 683 2822 Labentanque
702 2724 798 2798 diem
820 2724 928 2812 vitae,
948 2715 1196 2814 tremulamque
1224 2714 1413 2802 seneuamr

467 2876 587 2950 Omne
601 2875 746 2972 quidem
759 2868 891 2972 lignum
906 2869 968 2946 sub
984 2845 1224 2968 qualicumque
1242 2864 1348 2968 figura

419 3019 575 3094 Partibus
597 3017 744 3094 inficitur
762 3019 908 3093 mundi:
934 3015 1034 3092 locus
1056 3018 1204 3116 imperat
1225 3015 1338 3105 astris,

425 3167 472 3242 Et
496 3169 598 3244 dotes
626 3186 825 3266 noxamque
848 3167 951 3240 facit:
974 3187 1155 3242 verruntur
1182 3168 1219 3240 in
1244 3165 1368 3239 orbem
1407 3185 1411 3190 ·

466 3399 508 3463 V
525 3409 592 3465 aaa.
610 3406 654 3465 lta
667 3426 772 3468 omnes.
788 3405 824 3470 B.
843 3405 900 3470 Per
916 3405 1064 3494 quadrum
1086 3403 1217 3468 dimensa.
1235 3403 1297 3466 Poa
1316 3405 1420 3485 majus

428 3513 580 3576 neceffaria
594 3516 750 3599 subauditur
767 3519 898 3599 spatium.

465 3622 506 3689 V.
531 3632 599 3706 830.
615 3625 651 3690 Β
671 3633 810 3697 AEtarem
825 3637 973 3718 primam,
992 3631 1218 3718 nascentesque,
1232 3636 1288 3693 &c
1302 3630 1424 3714 elegam

426 3739 502 3819 rius·
514 3740 562 3804 sed
580 3743 733 3809 reclamant
745 3747 856 3810 codices
874 3745 1003 3810 univerfi.

471 3855 512 3922 V.
533 3861 601 3938 836.
621 3855 656 3922 Β.
677 3858 825 3943 Perpetui
844 3859 932 3938 serie;
950 3859 1042 3923 ceteri
1056 3878 1172 3934 omnes,
1192 3855 1373 3942 &propria

470 3967 512 4038 v.
530 3973 599 4056 843·
622 3967 959 4058 mmmmm
976 3969 1011 4039 Β.
1026 3991 1191 4038 noxamve·
1214 3987 1217 3992 ·
