3350 5084
451 628 517 679 m
604 603 699 671 er
735 565 1311 683 Asrrorronrqurs'

442 774 510 845 Per
535 792 614 867 quae
644 770 794 841 humana
829 768 928 867 regit.
949 766 1092 867 Propria
1124 772 1174 844 est
1199 739 1277 849 sraec
1303 758 1442 849 reddita

663 933 754 1011 partr

440 1060 528 1148 Vis,
548 1082 588 1133 ut
610 1062 786 1135 connubia
808 1062 844 1134 dr
870 1058 1042 1133 thalamos
1066 1033 1241 1157 taedasque
1253 1065 1449 1164 gubernet.

326 1206 419 1313 ⁴9¹0
440 1208 531 1283 Haec
546 1206 654 1281 tutela
673 1208 778 1282 decet
800 1205 1004 1293 Venerem,
1037 1205 1098 1279 sua
1115 1206 1185 1280 tela
1206 1203 1366 1287 movere.

439 1356 587 1433 Nomen
608 1356 672 1429 erit
689 1352 825 1427 fortuna
848 1350 958 1441 loco,
979 1354 1079 1450 quod
1103 1357 1246 1453 percipe
1270 1380 1415 1451 mente,

440 1501 496 1577 Ut
519 1501 639 1575 brevia
656 1501 692 1573 in
715 1498 826 1601 longo
861 1500 1074 1596 compendia
1097 1502 1251 1575 carmine
1271 1462 1441 1602 praestem.

444 1642 498 1721 At
518 1644 587 1741 quit
603 1642 740 1719 subfidit
761 1642 933 1724 converso
958 1646 1100 1728 cardine
1124 1647 1278 1723 mundus

444 1794 683 1869 Fundamenta
705 1817 853 1883 tenens,
874 1794 1057 1872 adversum
1079 1798 1114 1869 dr
1135 1794 1273 1895 suspicit
1293 1798 1443 1885 orbem,

346 1914 430 2027 915*
445 1942 505 2019 Ac
528 1943 644 2015 media
661 1940 724 2017 sub
746 1946 849 2017 noste
870 1950 981 2044 jacen
1002 1946 1166 2020 Saturnus
1186 1947 1222 2020 in
1238 1944 1296 2019 issa

325 2156 328 2169 .
442 2090 541 2168 Parte
564 2092 637 2166 suas
662 2092 767 2192 agitat
787 2094 905 2181 vires,
924 2094 1078 2195 dejesius
1098 2098 1132 2168 dr
1152 2092 1226 2194 ipse

441 2240 596 2337 Imperio
608 2237 800 2335 ‘quondam
822 2240 946 2313 mundi
966 2238 1126 2338 solioque
1145 2242 1318 2317 deorum:

443 2386 490 2461 Et
508 2408 607 2497 pater
630 2386 667 2459 in
685 2386 814 2483 patrios
834 2408 976 2460 exercet
997 2389 1135 2460 numina
1158 2387 1277 2474 casus,

353 2639 356 2648 Ι
443 2534 704 2635 Fortunamque
727 2535 870 2611 senum:
891 2537 1003 2635 prima
1028 2538 1076 2611 est
1094 2532 1199 2609 tutela
1218 2533 1367 2607 duorum

215 2727 229 2751 .
347 2698 424 2774 920
447 2685 659 2761 Nascentum
671 2706 775 2783 atque
787 2708 1034 2785 patrumque
1045 2682 1101 2756 tali
1113 2682 1254 2755 condita
1268 2697 1367 2779 parte
1378 2679 1447 2761 est.

443 2820 560 2935 Asper
580 2836 615 2910 dr
634 2856 808 2921 attentus,
826 2832 963 2907 titulum
983 2832 1040 2936 cui
1058 2832 1198 2906 Graecia
1222 2830 1302 2905 secit
1337 2930 1347 2944 α

443 2980 693 3071 Daemonium‚
710 2981 886 3083 fignatque
906 2981 982 3054 suas
997 3003 1064 3079 pro
1086 2979 1231 3053 nomine
1254 2980 1356 3065 viresss.

445 3129 554 3205 Nunc
572 3155 659 3233 age,
677 3092 872 3235 surgentem
892 3132 1015 3231 primo·
1026 3129 1073 3202 de
1088 3116 1229 3201 cardine
1247 3111 1420 3207 mundum

445 3273 621 3381 Respice,
644 3281 713 3380 quit
730 3280 849 3357 solitos
868 3250 1052 3354 nascentia'
1063 3278 1155 3381 signa
1170 3275 1326 3352 recursus

350 3430 424 3509 9²5
448 3426 638 3524 Incipiunt,
658 3430 748 3501 udus
766 3426 942 3529 gelidis&
963 3426 1117 3501 Phoebus
1137 3426 1184 3501 ab
1209 3424 1313 3498 undis

443 3569 597 3663 Euam,
620 3576 656 3647 dr
681 3571 777 3652 fulvo
796 3573 961 3673 paulatim
980 3572 1183 3646 accenditur
1200 3573 1309 3673 igne:

304 3930 309 3939 '
435 3884 462 3911 N
494 3916 535 3985 V·
554 3934 622 3996 925.
641 3916 690 3987 Sc.
706 3918 740 3987 Β.
760 3938 815 3985 ut:
834 3900 923 3993 ceteri
938 3912 1114 3979 sereomner
1135 3912 1176 3980 ἂ.
