3350 5084
439 671 503 746 ¹9⁸
625 657 715 724 Les
748 622 1241 738 Asnnouortrquut

335 855 409 932 705
431 826 743 926 Dimidiasqne‘fibi
760 847 895 923 partes,
918 825 953 896 ἃ
974 822 1104 899 summa
1126 828 1285 926 repletur

431 970 587 1054 Partibus
611 975 733 1050 exustis
757 973 892 1074 triginta
914 969 1021 1044 fidere
1041 971 1202 1050 inomni.

474 1127 559 1202 Nec
577 1149 688 1226 genus
707 1124 754 1197 est
776 1147 906 1204 unum,
923 1123 1010 1194 ratio
1025 1145 1092 1193 nec
1112 1123 1248 1219 prodita
1261 1125 1428 1228 simplem

427 1272 585 1350 Pluribus
606 1273 713 1370 inque
736 1271 851 1343 modis
872 1295 993 1346 verum
1017 1271 1306 1364 naturadocavit,

427 1423 643 1520 Diduxitque
666 1423 757 1508 viat,
778 1417 959 1518 voluitque
981 1445 1044 1518 per
1064 1421 1181 1494 omnia
1197 1425 1317 1518 quaeri.

329 1599 404 1674 710
428 1573 519 1646 Hoec
533 1593 676 1668 quoque
687 1591 869 1668 comperta
887 1569 934 1643 est
952 1543 1039 1643 ratio
1053 1567 1116 1645 sub
1130 1573 1271 1644 nomine
1285 1570 1431 1650 eodem.

427 1693 658 1838 Quacunrque
676 1721 712 1793 in
734 1718 1046 1818 partenascentum
1066 1740 1229 1820 tempore
1249 1718 1330 1794 luna

428 1870 650 1961 constiterit,
669 1869 818 1942 numeris
838 1869 927 1940 hanc
949 1890 1001 1942 ter
1024 1866 1175 1966 dispone
1197 1869 1390 1966 quaternis,

425 2015 574 2092 Sublimi
595 2015 742 2092 totidem
760 2014 839 2110 quia
861 2011 995 2116 fulgent
1013 2013 1120 2086 sidera
1145 2015 1292 2089 mund0.

430 2159 520 2237 Inde
543 2161 615 2236 suas
635 2157 684 2233 illi
705 2153 799 2261 figno
810 2214 822 2250 ,
846 2187 918 2258 quo
939 2160 1020 2234 luna
1043 2161 1183 2236 refulsit.

329 2324 407 2399 715
434 2316 594 2408 Quaeque
609 2311 689 2385 hinc
702 2313 899 2399 defuerant,
915 2335 1028 2411 partes
1041 2337 1226 2388 numerare
1237 2333 1434 2391 mementm

361 2513 365 2522 .
427 2459 587 2532 Proxima
608 2462 751 2535 tricenas
774 2463 969 2558 pariterque
991 2459 1167 2557 sequentia
1185 2461 1326 2535 ducunt.

427 2610 493 2682 Hic
515 2614 572 2681 ubi
595 2608 725 2707 deficiet
744 2639 923 2699 numerus,
945 2635 1024 2682 tunc
1033 2611 1170 2706 finnma
1193 2614 1305 2681 relicta

426 2758 469 2830 In
490 2759 586 2830 binas
593 2759 725 2855 sortes,
748 2759 882 2858 adjedd
898 2782 996 2852 parte
1014 2763 1135 2830 locetur

429 2907 592 2981 Dimidia
604 2963 617 3000 ,
639 2909 777 3003 reliquis
797 2907 965 2978 tribuatur
987 2931 1025 2978 ut
1047 2907 1158 2979 ordine
1170 2899 1290 3002 figitis.

327 3072 403 3146 720
426 3054 468 3130 In
490 3078 563 3154 quo
584 3057 785 3143 destituent,
806 3058 882 3149 ejus
898 3075 973 3126 tum
995 3051 1075 3126 luna
1095 3037 1228 3128 tenebit
1294 3099 1302 3114 ν

423 3205 759 3281 Dodecatemorium
779 3204 887 3306 signi:
908 3203 986 3302 post
1007 3223 1136 3276 caetera
1155 3201 1262 3274 ducet

410 3544 416 3549 ,
463 3479 504 3539 V.
523 3479 643 3550 ΜΒ.
657 3481 705 3540 Sc.
726 3485 752 3537 δι
770 3447 816 3539 nii
837 3481 954 3564 legunt,
974 3499 1152 3561 quacumque
1170 3478 1199 3539 iu
1216 3481 1315 3562 parti.
1336 3475 1421 3538 Olim

422 3591 661 3656 indiscriminatim
676 3592 817 3656 dicebatur
833 3601 921 3677 pnr‘tt'
946 3602 973 3656 δι
992 3617 1090 3676 parte.
1108 3573 1182 3676 Legi
1204 3591 1290 3652 ctiam
1313 3590 1433 3671 potest,

422 3727 599 3789 quacumque
612 3707 641 3766 in
652 3730 762 3790 parte,
778 3711 876 3770 ultimi
891 3710 968 3773 vocis
978 3731 1070 3790 purte
1088 3707 1118 3769 vi
1138 3707 1246 3768 caestnae
1260 3703 1404 3784 produtii.

461 3819 500 3884 V.
519 3839 598 3895 717,
619 3829 697 3900 718,
713 3846 781 3895 7¹9·
803 3823 866 3884 Hos
881 3841 936 3884 tres
951 3823 1045 3898 versus
1061 3819 1205 3902 proscribit
1221 3819 1254 3881 B.
1276 3817 1331 3896 Ipsi
1358 3837 1424 3876 ma-

422 3938 499 3999 ximi
511 3935 634 4017 displicet
651 3959 707 3998 vox
723 3943 854 4015 locetur,
871 3959 956 4016 quarn
966 3919 1040 3999 sorte
1056 3934 1123 4002 licet
1134 3951 1242 4000 mutare
1257 3932 1424 4015 insecatur.

422 4055 554 4120 ceterum
571 4057 663 4120 versus
678 4056 740 4119 illos
755 4076 812 4117 non
826 4051 1012 4120 defendimus.
