3350 5084
436 719 498 765 roo
586 681 713 761 'lm
756 686 1257 772 nsrnouonrcucr

429 866 535 964 and
553 863 611 937 nist
627 866 759 939 vicinos
777 883 920 963 agerent
941 863 1115 938 occasibus
1135 888 1252 954 ortus,
1348 965 1351 978 ὓ

426 1015 472 1089 Et
494 1036 564 1085 tarn
586 1037 690 1111 parva
709 1012 823 1084 forent
845 1010 991 1084 accensis
1013 1034 1170 1112 tempora
1192 1014 1359 1100 flammis,
1445 1072 1448 1084 ,

426 1159 529 1234 Alter
549 1163 648 1232 node
669 1161 750 1230 dies·
765 1157 849 1231 esset
866 1210 877 1242 ‚
895 1157 1093 1255 coelumque
1115 1161 1243 1234 rediret

210 1376 214 1382 .
326 1295 400 1390 805
425 1305 650 1414 Immersum,
673 1305 708 1377 dr
733 1290 858 1401 sumno
877 1325 990 1378 totum
1012 1307 1244 1404 deprenderet
1266 1306 1403 1380 orbem.

424 1456 520 1530 Tum
538 1428 706 1550 quianon
727 1453 795 1524 und
822 1450 937 1550 specie
958 1451 1160 1556 dispergitur
1179 1455 1292 1527 omnis

423 1603 571 1683 'Aridior
588 1621 689 1672 terrae
714 1624 847 1696 vapor,
869 1603 904 1671 δι
932 1604 1193 1698 comprenditur
1210 1603 1280 1702 igni
1296 1631 1307 1685 3

380 1727 388 1738 χ
425 1745 586 1825 Diversae
606 1769 750 1842 quoque
774 1767 837 1840 per
860 1742 963 1816 facies
987 1744 1129 1838 accensa
1149 1747 1303 1820 seruntur
1388 1825 1393 1828 ,
1429 1749 1434 1756 ’

427 1898 600 1986 Lumina,
625 1913 704 1988 quae
724 1885 841 1961 subitis
858 1888 998 1998 existunt
1018 1908 1097 1960 nata
1117 1893 1280 1962 tenebris.

331 2033 406 2110 '810
431 2051 526 2127 Nam
553 2040 682 2127 modb,
703 2061 770 2110 ceu
795 2033 891 2134 longi
916 2034 1049 2106 fluitent
1072 2033 1118 2106 de
1140 2037 1271 2108 vertice
1289 2033 1424 2130 crines¹

427 2196 583 2272 Flamma
606 2213 724 2264 comas
743 2187 873 2258 imitata
899 2182 994 2260 volat
1004 2211 1017 2274 3
1037 2183 1225 2280 tenuesque
1244 2183 1389 2282 capillos

428 2317 581 2421 Diffusus
603 2338 703 2412 radiis
728 2329 926 2407 ardentibus
950 2327 1097 2426 explicat
1117 2330 1217 2428 ignis.

429 2496 537 2570 Nunc
559 2491 654 2588 prior
673 2486 752 2559 haec
773 2481 904 2587 species
928 2475 1081 2576 dispersis
1105 2476 1255 2551 crinibus
1278 2482 1348 2552 exit
1360 2529 1373 2569 ,

432 2643 481 2718 Et
497 2640 634 2741 glomus
656 2630 804 2705 ardentis
828 2625 979 2723 sequitur
998 2624 1059 2697 sub
1077 2625 1225 2724 imagine
1242 2625 1374 2730 barbae.

211 2751 216 2761 ‹
332 2785 407 2880 815
435 2787 615 2868 Interdum
638 2776 761 2878 aequali
781 2777 926 2850 laterum
945 2770 1151 2870 co‘r'npagine
1174 2771 1310 2855 (ludus,

436 2913 1396 3032 Quadratamvetrabemfingit,teretemvecolumnamt
1455 2949 1457 2953 ¹

387 3112 391 3118 ’
436 3082 654 3181 Quinetiam
679 3075 817 3152 tumidis
840 3089 997 3166 exaequat
1023 3063 1115 3140 dolia
1139 3064 1306 3169 flammis,

435 3216 583 3293 Procere
606 3209 749 3285 distenta
763 3228 902 3296 uteros3
926 3196 1116 3299 parvasque
1136 3193 1285 3294 capellas
1371 3223 1372 3226 ¹

439 3367 626 3450 Mentitur,
651 3381 777 3456 parvos
796 3355 882 3455 ignis
905 3349 1115 3450 glomeratus
1134 3347 1169 3414 in
1190 3341 1317 3428 orbes,

341 3509 418 3588 820
440 3519 541 3590 Hirta
561 3513 743 3612 figurantes
767 3498 916 3578 tremulo
937 3497 1000 3574 sub
1021 3495 1150 3566 lumine
1169 3511 1314 3582 menta3
1353 3541 1356 3548 .

431 3659 638 3757 'Lampadas
661 3657 697 3728 dr
712 3651 798 3726 fissas
820 3645 975 3748 ramosoe
996 3641 1107 3715 fundit
1129 3641 1165 3712 in
1183 3641 1300 3740 ignes.l

445 3810 660 3906 Praecipitant
679 3801 806 3888 slellae,
827 3795 1015 3893 passimque
1034 3786 1155 3865 volare
1174 3788 1356 3874 videntur,

449 3961 543 4050 §itm
558 3923 644 4055 vaga
662 3974 727 4049 per
747 3943 893 4021 nitidum
909 3939 1087 4016 scintillant
1105 3937 1233 4012 lumina
1247 3933 1432 4026 mundumv
1464 4005 1479 4021 Ι,
1546 4014 1581 4034 θ
