3350 5084
454 558 521 627 tot
659 542 753 613 Lite
783 535 1264 624 Asrnortorrrqnnc

353 732 427 807 775
454 715 613 816 Dispofiti
636 711 797 810 semper,
821 731 1022 806 mutantque
1043 708 1197 788 volantia
1216 693 1328 818 figna.x

453 863 552 936 Unus
570 859 614 932 ab
636 881 762 934 exortu
784 857 865 932 coeli
886 855 1051 952 nascentis
1071 859 1107 932 in
1131 861 1256 936 orbem
1260 915 1278 952 ‚
1321 949 1324 954 Ι

448 1009 519 1104 Qui
543 1010 695 1110 primum
717 1030 825 1081 terras
844 1004 969 1104 aequali
990 1005 1098 1080 limite
1117 1012 1234 1084 cernit.

447 1152 552 1230 Alter
569 1155 614 1228 ab
633 1153 776 1229 adversa
796 1151 1008 1252 respondens
1028 1155 1165 1228 aetheris
1182 1181 1267 1246 ora,

448 1303 559 1378 Unde
575 1303 662 1404 fugit
678 1301 851 1394 mundus,
870 1297 1095 1400 praeceplque
1110 1304 1146 1376 in
1160 1324 1283 1378 tartara
1299 1305 1441 1381 tendit..
1458 1341 1462 1346 ·

349 1474 426 1568 780
451 1453 591 1528 Tertius
610 1452 735 1551 excelsi
760 1451 865 1553 lignat
885 1451 1011 1551 fastigia
1030 1435 1134 1541 coeli,
1422 1554 1425 1561 „

450 1599 532 1696 Qui>
553 1595 701 1670 defess'us
721 1600 818 1696 equis
833 1598 987 1674 Phoebus
1009 1595 1148 1672 subfissit
1169 1598 1322 1687 anhelis,

449 1743 679 1857 Declinatque
701 1744 815 1830 diem,
838 1743 1039 1840 mediasque
1061 1747 1233 1821 examinat
1252 1746 1404 1822 umbras.

445 1895 523 1970 Ima
548 1913 643 1967 tenet
666 1914 804 1989 quattus
827 1891 972 1966 fundato
993 1893 1120 1968 nobilis
1140 1898 1247 1982 orbe;

446 2045 490 2120 In
510 2071 583 2144 quo
600 2045 805 2145 principium
827 2043 875 2116 ell
892 2044 1044 2138 redittls,
1064 2045 1208 2146 finisque
1227 2046 1375 2122 cadendi

347 2195 398 2294 78
398 2219 423 2294 5
452 2192 628 2266 Sideribus
640 2221 653 2284 3
675 2169 873 2302 pariterque
898 2190 1040 2266 occasus
1062 2196 1172 2268 cernit
1196 2197 1231 2268 ἃ
1251 2218 1355 2269 ortus.

405 2373 413 2390 κ
446 2339 537 2412 Haec
557 2336 637 2411 loca
657 2339 850 2437 praecipuas
876 2339 990 2428 vires,
1012 2337 1232 2436 summosque
1251 2365 1316 2438 per
1332 2361 1447 2412 artem

448 2485 614 2562 Fatorum
629 2485 768 2560 elicitus
784 2487 956 2582 referunt3
972 2487 1070 2585 qubd
1083 2510 1171 2562 totus
1187 2487 1221 2558 in
1240 2483 1305 2556 illis
1402 2553 1403 2556 ,

448 2634 579 2706 Nititur
600 2635 737 2708 aeternis
761 2633 870 2712 veluti
888 2637 1115 2738 compagibus
1134 2633 1236 2746 oriris.

447 2785 533 2876 Quae
552 2781 611 2853 nist
632 2785 807 2882 perpetuis
827 2782 957 2858 alterna
976 2783 1064 2858 sorte
1086 2777 1262 2857 volantem

345 2953 424 3028 790
446 2928 606 3006 Curlibus
624 2932 819 3029 excipiant,
842 2935 1045 3030 neclantque
1063 2932 1098 3004 in
1121 2927 1279 3015 vincula,
1299 2882 1382 2998 bina

485 3201 525 3268 V.
552 3211 622 3277 782.
649 3162 708 3267 llic
734 3206 830 3270 versus
850 3209 977 3271 Bentleio
997 3208 1122 3271 ntaxime
1145 3207 1291 3288 displicet,
1318 3205 1355 3266 fic
1374 3223 1444 3264 eum

450 3322 598 3387 emendat:

509 3434 677 3502 Discernitque
691 3433 759 3488 &em
767 3472 776 3496 ,
792 3440 938 3507 mediamque
953 3439 1080 3491 examinat
1089 3433 1189 3522 ⁸ltortrm.¹

485 3531 685 3612 Optima‘sunt
699 3535 775 3615 haec,
788 3537 835 3599 sed
847 3540 861 3600 a
874 3540 1003 3602 codicum
1021 3535 1139 3600 lectione
1153 3531 1234 3594 nimis
1255 3531 1356 3596 aliena.
1375 3535 1444 3596 Dea·

445 3652 541 3720 (linat
561 3652 656 3726 diem,
678 3652 700 3712 i.
720 3674 747 3713 e.
767 3653 805 3713 eli
824 3653 990 3736 principium
1004 3648 1101 3726 caslts,
1121 3647 1189 3718 stent
1211 3647 1311 3709 dicitur
1331 3669 1360 3711 v.
1381 3655 1442 3724 784

445 3763 535 3826 imum
556 3765 622 3828 meli
644 3765 698 3826 elle
712 3770 899 3851 principium
924 3771 1047 3833 redirstr.
1076 3764 1217 3830 Nonnulli
1237 3787 1288 3847 pro
1317 3767 1452 3844 umbras·
1497 3758 1500 3769 Δ

442 3877 549 3942 habent
569 3883 691 3961 undas,
711 3849 769 3942 nott
786 3882 872 3944 recle.
