3350 5084
380 664 387 681 ,
484 622 570 684 ,142
677 580 1306 671 ‘LnsAs‘rnouottrouas
1391 595 1428 664 s

501 769 548 840 Et
567 766 626 861 qui
645 762 787 838 Cretaeo
806 759 914 860 fulget
935 784 1121 835 centaurus
1134 763 1171 835 in
1187 787 1290 852 arcu,

413 983 417 987 .
503 911 777 1007 Communisque
796 909 883 980 aries
905 930 1099 1004 aequantem
1117 931 1276 1008 tempora
1296 909 1446 1000 libram,

502 1063 549 1136 Et
567 1061 746 1164 geminos,
762 1077 968 1150 taurumque
988 1060 1061 1154 pari
1082 1055 1144 1132 sub
1162 1057 1251 1132 sorte
1270 1059 1441 1134 recenset.

404 1223 503 1312 [eqo-
560 1209 667 1280 Nunc
686 1227 724 1277 tu
741 1202 833 1276 nulla
852 1224 952 1302 putes
969 1204 1005 1276 in
1029 1229 1075 1278 eo
1100 1228 1277 1280 momenta
1296 1205 1425 1280 locasse

501 1353 670 1426 Naturam
693 1376 829 1440 rerum,
851 1349 948 1448 qubd
968 1347 1044 1424 sunt
1067 1353 1236 1424 currentia
1255 1353 1459 1449 quaedam,

501 1502 554 1574 Ut
575 1500 657 1587 leo,
678 1502 714 1572 δι
734 1501 945 1584 arcitenens,
966 1497 1120 1596 ariesque
1140 1501 1176 1572 in
1199 1525 1328 1574 cornua
1350 1521 1495 1575 torvus:

500 1650 575 1730 Aut
597 1669 676 1743 quae
698 1647 786 1717 resia
811 1644 876 1715 suis
897 1643 1062 1720 librantur
1080 1647 1195 1720 stantia
1218 1649 1401 1734 membris,
1486 1643 1488 1650 ’

500 1794 553 1868 Ut
574 1796 694 1894 virgo,
713 1794 750 1864 ὃς
773 1793 928 1890 gemini,
945 1792 1094 1868 fundens
1116 1797 1152 1866 8<
1178 1799 1333 1892 aquarius
1354 1795 1496 1874 undas.

403 1961 479 2058 245
500 1944 571 2025 Vel
589 1929 669 2042 quae
685 1941 766 2015 sella
785 1941 925 2028 sedent,
950 1945 1060 2042 pigras
1081 1942 1262 2015 referentia
1283 1965 1418 2018 mentes
1441 1997 1455 2030 ,

504 2097 637 2172 Taurus
656 2092 817 2192 depositis
838 2089 934 2164 collo
959 2091 1088 2190 sopitus
1111 2095 1248 2180 aratris,

504 2247 608 2324 Libra
630 2242 692 2317 sub
712 2240 855 2316 emenso
874 2241 1054 2338 considens
1078 2243 1164 2314 orbe
1184 2231 1365 2326 laborum,
1386 2199 1388 2203 Α

493 2394 630 2489 'Tuque
650 2412 737 2481 tuo,
761 2389 985 2486 capricorne,
1014 2385 1095 2488 gelu
1106 2390 1342 2483 contrasius'
1331 2415 1366 2461 tn
1389 2389 1493 2465 assris.

497 2545 640 2618 Strata
630 2560 767 2640 lacent,
786 2560 910 2636 cancer
932 2531 1085 2634 patulam
1097 2535 1289 2650 distentus
1280 2561 1315 2610 tn
1332 2535 1469 2623 alvum,

401 2705 480 2797 250
493 2692 669 2788 ‘Scorpios
689 2689 907 2763 incumbens
914 2683 1020 2784 plano
1043 2684 1105 2756 sub
1128 2684 1267 2778 pestore
1291 2697 1451 2788 terrae,
1473 2729 1475 2736 ι

496 2841 543 2916 'In
561 2841 648 2914 latus
673 2837 808 2935 obliqui
833 2833 942 2935 pisces
964 2835 1166 2932 semperque
1185 2834 1348 2928 jacentes.
1411 2805 1414 2812 ³
1487 2807 1493 2842 ²

325 2995 333 3010 ⁶
446 3072 450 3079 ,
494 3039 505 3083 ,-
559 2991 667 3085 Quod
690 2989 713 3061 fi
738 2985 856 3061 solerti
874 2979 1103 3078 circumspicis
1122 2978 1237 3056 onmia
1254 2976 1359 3063 curi,
1391 2925 1413 3035 .'

500 3137 670 3246 Fraudata
694 3134 849 3238 invenies
874 3129 994 3202 amiffis
1016 3127 1125 3202 fidera
1150 3123 1341 3199 membris·
1405 3217 1421 3223 ..
1463 3215 1483 3233 .‚

501 3289 666 3386 Scorpios
682 3285 719 3354 in
734 3280 819 3354 libra
843 3277 1016 3360 consumit
1037 3276 1200 3350 brachia:
1220 3293 1333 3344 taurus

386 3434 476 3529 355
499 3419 657 3554 §accidit
676 3431 819 3525 incurvo
842 3425 982 3499 claudus
1002 3423 1095 3521 pede
1113 3445 1123 3493 t
1142 3418 1271 3492 lumina
1293 3405 1419 3490 cancro
1466 3383 1470 3390 ¹

389 3568 392 3573 ξ
501 3579 655 3657 Desunt:
645 3562 839 3652 centauro
841 3572 1010 3706 superest
1035 3572 1069 3640 ἃ
1091 3566 1255 3662 quaeritur
1275 3589 1402 3656 unum.-

501 3730 560 3800 Sic
577 3725 707 3798 noslros
724 3724 817 3798 casus
840 3712 964 3796 solatur
987 3714 1161 3840 mundus
1153 3739 1190 3788 tn
1213 3713 1326 3798 allris,
1424 3717 1426 3724 ’

503 3871 747 3977 Exemploque
765 3835 873 3951 docet
893 3843 1064 4020 patienter
1086 3864 1210 3938 datnna
1228 3855 1370 3960 subire,
1412 3911 1417 3918 ·
1489 3913 1492 3920 ·
