3350 5084
457 673 522 724 ιοι
653 645 748 718 Lat
781 640 1286 728 Airaouonrours

453 817 518 894 Per
534 816 657 891 faciem
678 841 880 913 nomenque
901 813 1023 898 suum3
1040 837 1114 888 tunt
1138 821 1281 916 ponitur
1297 821 1401 896 usus:

455 965 557 1040 Tunc
576 942 611 1040 dr
631 967 740 1040 vinda
761 961 826 1038 suis
845 964 1012 1038 formatur
1031 925 1159 1066 syllaba
1178 967 1294 1042 nodis.

454 1113 550 1188 Hinc
570 1113 670 1189 verbi
687 1113 844 1186 llrudiura
867 1112 962 1186 veuit
981 1135 1045 1209 per
1065 1073 1221 1187 membra
1236 1113 1393 1216 legendi.
1433 1150 1452 1216 ,-

457 1263 562 1340 Tunc
580 1286 697 1340 return
716 1260 830 1346 vires,
851 1280 954 1356 atque
975 1258 1053 1333 artis
1076 1261 1217 1335 traditur
1236 1261 1340 1358 usur3
1382 1253 1388 1263 ’
1434 1357 1450 1390 .

358 1402 436 1488 745
459 1411 595 1508 Perque
617 1409 727 1507 pedes
750 1409 912 1506 proprios
931 1405 1104 1484 nascentia
1125 1409 1277 1482 camina
1303 1410 1470 1516 surgunt-
1588 1467 1589 1480 ,

457 1556 667 1658 singulaque
683 1559 720 1630 in
739 1556 908 1630 summam
926 1557 1067 1654 prodest
1090 1555 1243 1632 didicille
1260 1559 1389 1656 priora.

458 1707 550 1802 Quae
572 1703 631 1780 nili
653 1705 861 1780 constiterint
881 1706 999 1804 primis
1020 1703 1164 1780 fundata
1183 1705 1384 1794 elementis,

459 1853 531 1932 Vel
551 1854 609 1928 sua
629 1854 853 1951 praeproperia
874 1853 1032 1928 dederint
1059 1873 1237 1952 praecepta
1261 1855 1430 1956 magistri,

461 2005 585 2083 Effluat
601 2007 636 2077 itt
656 2027 783 2080 vanum
803 2005 918 2077 rertim
936 2005 1165 2104 praeposlerus
1187 2005 1291 2111 ordo.
1322 1997 1348 2056 f

362 2168 440 2246 750
462 2157 521 2231 Sic
546 2155 630 2225 mihi
650 2177 714 2248 per
734 2171 848 2224 toturn
868 2152 1025 2230 volitanti
1046 2137 1198 2228 carmine
1222 2151 1407 2241 mundum,
1453 2234 1464 2242 ,

462 2306 670 2400 Obrutaque
688 2299 835 2375 abstrusi
855 2303 990 2400 penitus
1007 2301 1153 2406 caligine
1171 2303 1261 2391 sata,

462 2451 637 2526 Pieridum
656 2449 805 2524 numeris
824 2451 928 2526 etiam
950 2448 1127 2528 modulata
1140 2507 1150 2541 ,
1165 2451 1319 2535 canenti,

426 2670 430 2678 .
463 2600 614 2696 Quique
629 2600 716 2674 deus
729 2623 848 2702 regnat
865 2601 1043 2674 revocanti
1061 2623 1185 2672 numen
1201 2597 1244 2669 ab
1260 2619 1361 2682 arce,

463 2747 530 2823 Per
544 2771 656 2848 partes
673 2749 832 2823 ducenda
851 2747 961 2836 fides,
987 2751 1020 2821 dt
1043 2743 1165 2848 fingula
1182 2763 1297 2816 rerunt

368 2912 442 2994 755
465 2893 549 3006 Sunt
562 2900 724 3002 gradibus
742 2895 909 2971 tradenda
925 2895 990 2968 suit
1005 2925 1017 2990 3
1031 2917 1071 2968 ut
1089 2895 1168 2968 citnt
1181 2894 1301 2988 somnia
1316 2889 1418 2986 uertit¹

465 3045 603 3120 Notitii
621 3043 793 3148 steterint,
812 3047 976 3154 proprios
996 3064 1206 3119 revocentur
1222 3041 1267 3114 ad
1284 3035 1373 3110 ulus.

466 3191 526 3269 Ac
545 3189 640 3268 velut
661 3192 697 3266 in
718 3195 817 3268 nudis
833 3197 914 3268 citur
935 3193 1075 3293 surgunt
1097 3189 1271 3264 montibus
1293 3161 1422 3275 urbes}

468 3339 666 3430 Conditor,
681 3362 720 3415 ut
735 3343 986 3416 vacuosnturis
1003 3340 1219 3414 circumdare
1243 3331 1354 3410 colles

476 3495 1470 3532 ...Μ-..Μ

509 3601 550 3663 V.
567 3624 635 3677 ⁷4¹·
656 3603 718 3667 Hic
733 3608 827 3670 versus
842 3607 969 3701 Bentleio
986 3607 1093 3688 spurius
1110 3607 1238 3668 habetur.

512 3715 553 3780 V·
574 3723 654 3792 748,
674 3740 742 3792 749·
762 3721 854 3785 Sicse
876 3711 1073 3808 habent-'apud
1093 3719 1165 3804 Reg.

538 3831 649 3884 Perdunt
663 3851 718 3902 quae
734 3838 835 3903 properi
851 3836 966 3888 dederint
984 3852 1103 3903 praecepta
1117 3831 1242 3902 magistri,

538 3933 570 3982 Et
591 3930 650 3983 lluet
668 3931 696 3983 ln
714 3951 819 3996 vanum,
841 3941 888 3988 dcc.

514 4019 601 4096 Hanc
611 4031 766 4095 ludilonem
787 4033 955 4096 Bentleialtae
975 4055 1033 4097 non
1048 4033 1124 4117 aegri
1143 4041 1377 4113 proponerem
1440 4059 1444 4064 ·
