3350 5084
463 631 528 688 ιιι
636 612 731 680 Les
767 607 1287 696 Asunouonsouns‘

452 787 572 882 Atque
592 781 724 856 arbusta
744 781 838 883 vagis
861 777 968 854 essent
993 779 1090 879 quod
1110 782 1263 862 adultera
1283 788 1396 888 pomis
1407 809 1424 884 ς

449 934 544 1006 Pacis
564 957 676 1031 opus,
699 956 846 1032 magnos
868 952 999 1004 naturae
1021 935 1141 1008 condit
1160 937 1196 1008 in
1213 937 1305 1010 usuc.

446 1081 628 1156 Astrorum
655 1052 798 1179 (puidam
819 1081 927 1155 varias
947 1077 1068 1152 dixere
1091 1078 1238 1183 figuras,

371 1213 420 1302 2'5
443 1227 617 1329 Signaque
635 1226 762 1302 diffuso
780 1227 901 1326 paslim
918 1223 1069 1302 labentia
1089 1230 1184 1305 coelo
1288 1241 1291 1250 '

427 1377 486 1458 ‚In
505 1339 689 1475 proprium
710 1373 877 1475 cujusque
894 1399 1002 1477 genus
1025 1377 1211 1475 causasque
1232 1376 1366 1452 tulere:

442 1515 1442 1628 Persea&Andromedampoeni,matremquedolentem,

342 1753 347 1773 ,
441 1667 694 1764 Solantemque
711 1688 846 1766 patrem
855 1697 869 1760 3
891 1693 1060 1768 raptuque
1078 1675 1246 1772 Lycaone
1262 1698 1394 1768 natam,

442 1814 646 1912 Officioque
666 1813 766 1888 Jovis
786 1811 1014 1907 cynosuram,
1036 1816 1122 1891 lade
1145 1821 1341 1916 capessam,

368 1982 419 2065 30
445 1965 491 2040 Et
510 1964 603 2037 suno
626 1984 800 2057 cycnum,
823 1960 952 2058 pietate
978 1961 1024 2034 ad
1045 1962 1154 2036 fidera
1174 1933 1310 2041 dudam

310 2092 313 2096 ⁴
438 2112 638 2212 Erigonen,
659 2109 795 2206 iduque
814 2131 964 2205 nepam,
986 2108 1172 2208 spolioque
1190 2109 1358 2204 leonem,

438 2259 485 2333 Et
506 2256 623 2332 morsu
641 2279 831 2340 cancrum,
855 2253 965 2352 pisces
990 2255 1206 2351 Cythereide
1227 2259 1325 2334 versi
1337 2313 1350 2354 ,

438 2407 647 2506 Lanigerum
668 2400 757 2476 vino
782 2372 1104 2476 ducentem'fidera
1125 2426 1250 2502 ponto.

441 2556 647 2647 ceteraque
664 2571 708 2622 ex
729 2548 828 2624 van'is
846 2547 1033 2646 pendentia
1056 2549 1186 2625 casibus
1210 2555 1292 2627 assra

367 2703 416 2789 '55
441 2703 588 2776 AEthera
606 2715 671 2798 per
690 2695 861 2770 summum
879 2693 1062 2772 voluerunt
1081 2695 1147 2768 fixa
1164 2698 1321 2774 revolvi:

378 2831 387 2854 ‘
422 2851 604 2939 Quorum
626 2841 832 2917 carminibus
854 2840 938 2916 nihil
956 2843 1003 2917 ess
1025 2813 1082 2913 nisi
1105 2841 1219 2916 sabula
1238 2843 1410 2965 coelum,

418 2997 620 3094 ‚Terraque
642 2990 840 3092 composuit
862 2990 1016 3104 coelum,
1041 3013 1120 3088 quaa
1142 2979 1272 3090 pendet
1296 2993 1341 3067 ab
1357 2994 1437 3076 illo,

437 3145 532 3238 Quin
549 3144 653 3218 etiam
678 3141 760 3214 ritus
785 3140 983 3237 passorum,
1006 3137 1040 3208 &
1064 3136 1156 3210 Pana
1180 3137 1360 3214 sonantem

439 3287 481 3361 In
507 3285 682 3380 calamos,
707 3285 823 3362 Siculi
844 3271 1015 3360 memorat
1030 3280 1153 3359 tellure
1176 3293 1336 3380 creatus,
