3350 5084
473 578 535 648 att
669 572 761 641 Les
795 568 1284 651 AsraonotttQuut

371 768 449 847 500
469 744 594 825 Natalis
614 741 756 829 mundi,
776 761 947 834 certoque
964 736 1185 834 horoscopos
1209 763 1313 814 ortu:

467 897 515 971 Ur
528 893 609 963 crim
623 891 740 963 exada
760 886 847 961 sides
864 886 990 958 steterit
1010 884 1072 959 sub
1094 888 1234 961 cardine
1257 890 1406 985 primu,

460 1037 596 1112 Fallere
621 1058 696 1107 nort
721 1032 848 1129 possint
867 1030 990 1104 summi
1008 1031 1134 1132 fastigia
1153 1031 1256 1115 coeli,

462 1189 551 1261 Non
571 1184 636 1257 seri
655 1206 691 1257 te
716 1181 854 1267 obitus,
872 1181 958 1253 stent
977 1180 1202 1287 fundamenta
1216 1180 1279 1253 sub
1297 1182 1375 1253 imo
1389 1206 1417 1272 3-

465 1336 665 1430 Omniaque
685 1332 720 1403 in
747 1330 903 1428 proprias
921 1330 1011 1403 vires
1035 1306 1212 1424 sortesque
1230 1328 1412 1402 recedant.

364 1495 444 1575 305
519 1485 629 1556 Nunc
646 1478 702 1553 sua
726 1478 915 1551 reddentur
930 1478 1123 1579 generatim
1138 1498 1301 1573 tempora
1316 1472 1437 1573 figitis,

465 1635 555 1727 Quae
576 1626 683 1705 divisa
703 1629 807 1701 etiam
830 1626 993 1723 proprios
1016 1624 1191 1695 ducuntur
1214 1623 1251 1695 in
1275 1646 1403 1712 annos,

464 1782 510 1855 Et
529 1775 687 1865 menses,
706 1773 871 1871 lucesque
890 1770 990 1860 suas,
1010 1770 1183 1865 horasque
1205 1771 1338 1842 dierum
1349 1795 1364 1857 ς

463 1929 529 2001 Per
546 1947 626 2022 quae
646 1924 837 2022 praecipuas
855 1921 1043 1993 ostendunt
1064 1915 1190 2019 fingula
1208 1919 1309 1991 vires.
1423 1992 1427 1998 ,

465 2075 597 2147 Primus
618 2070 681 2143 erit
700 2067 804 2169 figni,
822 2091 898 2164 quo
921 2065 974 2139 sol
991 2064 1173 2152 effulserit,
1197 2087 1326 2151 annus3

368 2225 393 2303 5
397 2228 443 2281 ¹0
465 2223 593 2297 Annua
617 2218 713 2317 qubd
733 2216 872 2289 lustrans
895 2212 1068 2287 consumit
1096 2233 1255 2305 tempora
1278 2208 1472 2283 mundum«

463 2368 644 2443 Proximus
663 2390 767 2465 atque
789 2365 847 2439 alii
866 2360 1042 2438 subeuntia
1060 2357 1147 2457 signa
1164 2355 1373 2448 sequuntur.

463 2522 562 2595 Luna
580 2520 676 2593 dabir
695 2516 828 2592 menses
839 2570 852 2604 ‚
865 2513 998 2613 peragit
1009 2508 1106 2607 qubd
1124 2500 1285 2576 menstrua
1302 2497 1467 2574 cursum.¹

352 2644 356 2654 Ι
467 2664 675 2765 Tutesaeque
693 2666 763 2741 suae
783 2666 909 2764 primas
931 2657 1147 2751 horoscopus
1169 2652 1272 2719 horat

467 2821 595 2899 Asserit
613 2842 716 2917 atque
733 2816 830 2903 dies‚'
850 2809 1019 2902 traditque
1038 2799 1258 2898 sequentibus
1278 2794 1384 2867 astris.
1434 2826 1441 2829 ⁸
1501 2873 1503 2880 ¹

369 2978 443 3059 515
468 2970 526 3042 Sic
551 2992 698 3053 annum,
717 2958 919 3055 mensesque
942 2951 1021 3025 suos
1046 2970 1181 3032 natura,
1202 2942 1374 3039 diesque,
1559 2915 1560 2922 ἵ

466 3115 693 3223 Atqueipsas
711 3112 823 3186 voluit
848 3101 1023 3180 numerari
1041 3072 1132 3198 dgna
1151 3097 1216 3193 per'
1232 3096 1364 3181 horas;
1422 3156 1430 3168 x

467 3269 597 3341 Omnia
617 3286 656 3339 ut
674 3283 780 3336 omne
799 3228 896 3329 soret
913 3247 1061 3325 divisum
1080 3266 1218 3341 tempus
1243 3242 1279 3311 in
1298 3236 1408 3322 astra,

468 3427 1469 3477 ,,,-,,,,,..........-----

507 3530 614 3617 ΡοῙῨν.
636 3573 712 3631 503,
731 3523 886 3609 omittimus
906 3539 1018 3604 versum
1034 3514 1179 3597 manifesse
1198 3530 1255 3589 huc
1275 3526 1412 3588 intrusum
1431 3528 1470 3585 ab

401 3724 402 3727 ,
466 3672 581 3733 homine
603 3665 736 3738 indocto,
757 3656 985 3735 astronomiaeque
1004 3660 1031 3712 &
1056 3648 1135 3711 latini
1157 3642 1290 3707 sermonis
1312 3641 1469 3723 imperito,

468 3786 505 3845 ait
521 3788 554 3847 Β.
595 3770 598 3777 ’
662 3834 665 3839 .

532 3897 602 3944 stent
617 3886 671 3940 veti
687 3884 810 3936 stellarum
823 3895 912 3940 ortus,
926 3876 1029 3944 verique
1044 3864 1166 3929 suborrm'.
1238 3891 1240 3894 ’
