3350 5084
339 683 347 696 .
433 652 497 728 135
605 631 709 733 ‘Lus
745 634 1230 726 Asrnouorrenuae

426 813 518 906 Quin
539 811 642 884 etiarn
655 815 866 919 arcitenens,
883 817 943 912 qui
959 838 1018 906 te,
1031 825 1253 920 capricorne,
1267 821 1416 926 subipso

333 935 401 1048 185
421 960 612 1050 Promittit,
636 960 769 1059 duplici
791 966 959 1038 formatus
977 968 1126 1069 imagine
1145 970 1261 1049 fertur.
1410 926 1422 945 1

419 1108 541 1186 Mitior
560 1131 741 1185 autumnus
762 1109 888 1186 mosles
909 1115 969 1189 srbi
987 1118 1140 1194 vindicat
1163 1111 1252 1194 artus
1273 1144 1276 1146 ·

419 1245 674 1356 Materiemque
689 1262 862 1352 hominis3
876 1262 948 1336 seta
962 1285 1061 1368 tergo
1077 1267 1237 1342 membra
1249 1268 1420 1368 rigentem

420 1406 608 1507 Excipiunt
629 1409 806 1496 hiemem,
828 1410 1036 1508 mittuntque
1056 1415 1091 1487 in
1108 1414 1421 1520 temporasignum.

421 1553 591 1648 Quosque
608 1555 693 1627 aries
714 1578 788 1652 prae
811 1554 848 1628 se
870 1559 996 1646 mittit,
1016 1561 1089 1634 duo
1107 1581 1269 1661 tempora
1285 1559 1395 1661 pisces

333 1727 349 1778 r
354 1720 406 1802 90
424 1703 511 1778 Bina
523 1702 656 1782 dicaut3
674 1703 826 1775 hiemem
850 1703 908 1776 hic
928 1705 1057 1783 oiaudit
1066 1764 1080 1802 ,
1095 1736 1157 1786 ver
1170 1713 1312 1786 inchoat
1324 1707 1422 1789 alter.

424 1851 516 1924 Ciun
537 1846 591 1924 sol
612 1851 783 1974 aequpreip
805 1849 964 1927 revolans
986 1854 1137 1928 decurrit
1162 1859 1198 1927 in
1219 1861 1334 1946 asin's,
1436 1935 1446 1952 ,

424 2001 573 2074 Hiberni
590 2001 716 2074 co'e'unt
736 2025 819 2073 curn
834 2002 948 2076 vernis
967 2003 1101 2076 roribus
1119 2003 1270 2085 itnbres3

426 2144 585 2244 Utraque
605 2146 676 2220 sors
699 2149 855 2220 humoris
876 2149 983 2224 habet
997 2150 1161 2222 fluitantia
1181 2149 1282 2250 figna.
1311 2159 1322 2182 ·'

476 2299 570 2392 Quin
588 2295 651 2370 tria
662 2295 752 2394 signa
766 2319 898 2371 novem
911 2292 996 2369 serie
1017 2287 1197 2398 conjunda
1213 2317 1424 2400 repugnant,

332 2464 377 2548 19
383 2474 404 2550 5
429 2447 474 2520 Et
496 2445 588 2542 quali
609 2443 732 2517 seditio
755 2442 885 2516 coelum
910 2466 1027 2520 tenet:
1049 2446 1164 2546 aspice
1182 2469 1316 2522 taurum

427 2592 621 2679 clunibus,
645 2591 681 2664 ac
700 2559 860 2694 geminos
879 2591 1055 2689 pedibus,
1076 2595 1243 2668 testudine
1260 2616 1422 2669 cancrum

427 2742 594 2840 Surgere3
620 2742 700 2813 cirm
720 2741 816 2815 redis
836 2741 989 2814 oriantur
1011 2761 1124 2814 cetera
1144 2741 1320 2816 membris.

431 2859 517 2964 Nec·
532 2892 657 2966 mirere
673 2916 818 2985 moras,
841 2891 921 2962 citm
944 2886 995 2964 sol
1015 2885 1156 2964 adversa
1177 2912 1242 2987 per
1266 2887 1348 2962 astra

431 3037 601 3112 AEssivum
622 3040 725 3113 tardis
749 3033 883 3114 attullat
902 3038 1071 3113 mensibus
1090 3014 1230 3112 annum.
1297 3082 1299 3086 -

332 3213 409 3281 200
468 3187 602 3264 Necte
624 3207 830 3287 praetereat,
849 3189 1013 3264 nosturna
1028 3187 1219 3286 diurnaque
1234 3183 1325 3288 figna
1384 3281 1387 3286 Ι

427 3336 519 3426 Quae
541 3335 627 3431 fint,
655 3335 874 3434 perspicere3
895 3337 930 3408 8ι
952 3334 1095 3433 proprii
1122 3334 1297 3406 deducere
1320 3329 1424 3433 lege:

428 3482 515 3555 Non
537 3481 688 3554 tenebris
710 3502 767 3555 aut
786 3481 866 3555 luce
890 3481 984 3556 suam
1008 3451 1204 3582 peragentia
1226 3479 1375 3564 sortem3

429 3630 526 3704 Nam
549 3633 738 3712 commune
765 3633 857 3707 soret
879 3631 976 3710 nullo
996 3629 1191 3704 discrimine
1215 3650 1370 3713 numen,
1448 3677 1450 3680 -

350 3759 357 3776 ’
432 3776 560 3883 Omnia
582 3776 679 3877 qubd
694 3783 794 3857 certis
817 3781 951 3861 vicibus
971 3795 1044 3882 'per
1067 3801 1229 3890 tempora
1244 3776 1399 3880 fulgent,
