3350 5084
431 557 504 642 ud
630 563 726 632 Lus
760 561 1240 645 Asnnottorrrouns

427 743 503 816 'Aut
521 735 673 809 frattdnta
690 734 805 807 cadet.
822 733 951 808 Merito
965 731 1149 831 Typhonis
1167 737 1342 818 habentor

427 879 622 957 Honendae
642 877 766 973 sedes,
787 905 896 977 quem
916 877 1017 992 telius
1036 879 1125 956 saeva
1143 884 1320 981 profudit,

328 1031 404 1110 860
427 1028 518 1102 Ciun
537 1024 672 1101 beilum
688 1023 783 1100 coelo
800 1027 957 1126 peperit:
978 1003 1036 1100 vix
1056 1047 1164 1101 matre
1185 1030 1337 1104 minores

424 1169 620 1254 Extiterunt
640 1194 776 1274 partus,
797 1173 858 1246 sed
880 1169 1023 1246 fulmine
1043 1172 1153 1248 nusus
1171 1180 1206 1269 in
1227 1174 1342 1252 alvum

425 1318 631 1422 Compulfi,
648 1318 854 1416 montesque
874 1313 976 1416 super
998 1319 1133 1396 rediere
1153 1321 1330 1398 cadentes.

390 1458 395 1464 ’
428 1470 536 1544 Cessit
551 1471 587 1543 dt
609 1469 646 1542 in
666 1466 835 1542 tumulum
852 1465 936 1542 belli
955 1467 1109 1566 vitesque
1127 1469 1325 1578 Typhoeus.

427 1616 506 1717 Ipsa
525 1616 647 1719 tremit
662 1636 772 1688 motet
792 1615 992 1715 flagrantem
1010 1641 1132 1692 monte
1148 1617 1211 1692 sub
1235 1617 1367 1694 AEtnae.

335 1746 416 1858 865⁰
431 1765 484 1864 At
504 1787 583 1862 quae
600 1761 760 1866 fulgentis
779 1761 930 1858 sequitur
951 1762 1076 1866 fastigia
1098 1763 1204 1856 coeli,

429 1915 590 1990 Proxima
606 1936 678 1988 non
694 1909 756 2009 ipsr
776 1912 880 1986 cedat
900 1913 957 1984 cui
980 1915 1134 2015 jungitur
1156 1915 1266 1988 allro:

429 2067 504 2164 Spe
515 2061 639 2137 melior
651 2116 662 2152 ,
674 2059 896 2160 palmamque
910 2083 1057 2158 petent,
1073 2035 1261 2162 tridhixque¹
1270 2066 1425 2164 priorum

417 2210 547 2288 'Aldus
564 2208 724 2312 insurgit,
748 2208 893 2286 summae
911 2235 1035 2288 comes
1058 2214 1171 2287 addita
1195 2211 1281 2286 sini:

432 2361 476 2442 Iu
498 2359 665 2461 pejusque
688 2383 828 2436 manent
850 2361 992 2451 cursus,
1017 2387 1081 2436 nec
1100 2383 1180 2435 vota
1198 2360 1387 2454 supersunt.

337 2506 412 2604 870
435 2513 610 2605 Quocirca
626 2510 769 2584 minime
787 2510 837 2584 est
855 2513 1004 2602 mirum,
1021 2510 1045 2582 fi
1064 2509 1217 2608 proxima
1237 2502 1380 2618 summm

431 2659 554 2757 Atque
576 2659 702 2735 eadem
721 2660 886 2754 interior,
910 2657 1058 2732 sortunae
1074 2653 1165 2726 sorte
1183 2629 1313 2728 dicattu

475 3083 515 3148 V.
535 3092 604 3164 859.
624 3084 658 3148 B.
680 3087 842 3150 Horrendi.

475 3201 516 3267 V.
532 3209 601 3267 866.
612 3203 647 3266 B.
659 3201 806 3282 Proxima,
821 3205 878 3266 vix
897 3199 964 3280 ips:
985 3188 1076 3262 caeteri
1093 3221 1209 3279 ornnes¹
1219 3222 1278 3262 non
1289 3193 1335 3261 tel
1345 3214 1427 3276 nepe.

470 3317 512 3380 V.
530 3326 606 3400 871,
632 3327 700 3393 872.
719 3319 853 3397 Omnes,
871 3319 1045 3386 venerandas
1065 3319 1136 3380 sorte
1159 3317 1266 3378 dicatur
1282 3312 1338 3376 coi
1356 3312 1423 3374 ritu.
1489 3393 1493 3400 Ι

422 3405 476 3495 'lus
489 3437 584 3512 felix.
605 3434 691 3496 Rode
716 3433 872 3502 observavit
898 3435 931 3497 B.
961 3432 1102 3494 neminem
1124 3432 1171 3494 hic
1197 3429 1353 3506 nominari,
1381 3427 1428 3490 cui

435 3547 544 3609 dicetur
571 3548 631 3611 haee
651 3548 798 3613 undecima
821 3552 929 3612 domus.
950 3546 1076 3626 Reponit
1099 3567 1188 3631 οπεος
1199 3549 1338 3626 fortunoe
1356 3544 1430 3605 sorte
1454 3535 1458 3548 ⁵

436 3660 544 3753 dicotur
564 3659 621 3722 Cui
645 3660 740 3724 titulus
749 3667 837 3754 forti.
867 3663 937 3725 Fors
957 3663 1069 3724 fortuna
1094 3659 1289 3723 Romanorum
1310 3660 1348 3720 est
1370 3657 1431 3739 ipsc
1538 3680 1541 3685 ·

436 3776 604 3840 Graecorum
621 3777 701 3851 ints
722 3783 802 3857 τύχη.
824 3779 1002 3843 Credidimus
1023 3779 1125 3844 striari
1150 3775 1225 3858 posse
1247 3782 1264 3838 ὲ
1285 3773 1433 3840 codicibus

432 3891 568 3960 univerit
583 3913 687 3958 vocem
698 3897 793 3978 felix.
811 3897 914 3960 Parum
933 3896 1023 3960 abfuit
1044 3897 1111 3982 quin
1127 3900 1162 3964 ab
1182 3893 1260 3958 initio
1277 3902 1372 3964 versds
1390 3895 1431 3959 fic
